<record><leader>00000cas a22000007a 4500</leader><controlfield tag="001">14880647</controlfield><controlfield tag="008">861126d19031904paudn ne      0    0eng d</controlfield><datafield ind1=" " ind2=" " tag="010"><subfield code="a">sn 86082039 </subfield></datafield><datafield ind1=" " ind2=" " tag="040"><subfield code="a">NPH</subfield><subfield code="b">eng</subfield><subfield code="c">NPH</subfield><subfield code="d">OCLCQ</subfield></datafield><datafield ind1=" " ind2=" " tag="042"><subfield code="a">msc</subfield></datafield><datafield ind1="0" ind2="4" tag="245"><subfield code="a">The Windber daily era.</subfield></datafield><datafield ind1=" " ind2=" " tag="260"><subfield code="a">Windber, Pa. :</subfield><subfield code="b">[Amos] Claar &amp; Vance,</subfield><subfield code="c">1903-1904.</subfield></datafield><datafield ind1=" " ind2=" " tag="300"><subfield code="a">1 v.</subfield></datafield><datafield ind1=" " ind2=" " tag="310"><subfield code="a">Daily (except Sunday)</subfield></datafield><datafield ind1="0" ind2=" " tag="362"><subfield code="a">Vol. 1, no. 1 (Dec. 12, 1903)-v. 1, no. 25 (Dec. 24, 1904).</subfield></datafield><datafield ind1=" " ind2=" " tag="500"><subfield code="a">Published every afternoon.</subfield></datafield><datafield ind1=" " ind2=" " tag="515"><subfield code="a">Suspended with Dec. 23, 1903 issue; resumed with Dec. 8, 1904 issue.</subfield></datafield><datafield ind1=" " ind2=" " tag="580"><subfield code="a">Issued also in a weekly edition called: Windber era.</subfield></datafield><datafield ind1=" " ind2=" " tag="752"><subfield code="a">United States</subfield><subfield code="b">Pennsylvania</subfield><subfield code="c">Somerset</subfield><subfield code="d">Windber.</subfield></datafield><datafield ind1="1" ind2=" " tag="775"><subfield code="t">Windber era</subfield><subfield code="w">(DLC)sn 86082040</subfield></datafield></record>